<?xml version="1.0" encoding="UTF-8"?>
<collection xmlns:xsi="http://www.w3.org/2001/XMLSchema-instance" xsi:schemaLocation="http://www.loc.gov/MARC21/slim http://www.loc.gov/standards/marcxml/schema/MARC21slim.xsd" xmlns="http://www.loc.gov/MARC21/slim">
<record>
  <leader>00951cam a2200229Mi 4500</leader>
  <controlfield tag="001">5577296</controlfield>
  <controlfield tag="003">NNC</controlfield>
  <controlfield tag="005">20130501164552.0</controlfield>
  <controlfield tag="008">870625s1888    tu            000 0 ara d</controlfield>
  <datafield tag="035" ind1=" " ind2=" ">
    <subfield code="a">(OCoLC)ocm17813842</subfield>
  </datafield>
  <datafield tag="035" ind1=" " ind2=" ">
    <subfield code="a">(NNC)5577296</subfield>
  </datafield>
  <datafield tag="040" ind1=" " ind2=" ">
    <subfield code="a">NYP</subfield>
    <subfield code="c">NYP</subfield>
    <subfield code="d">OCLCQ</subfield>
  </datafield>
  <datafield tag="100" ind1="1" ind2=" ">
    <subfield code="a">Shaykh Zādah, ʻAbd al-Raḥmān ibn Muḥammad,</subfield>
    <subfield code="d">-1667.</subfield>
  </datafield>
  <datafield tag="245" ind1="1" ind2="0">
    <subfield code="a">Majmaʻ al-anhur fī sharḥ multaqá al-abḥur /</subfield>
    <subfield code="c">ʻAbd al-Raḥmān ibn Shaykh Muḥammad ibn Sulaymān al-madʻū bi-Shaykhi Zādah.</subfield>
  </datafield>
  <datafield tag="260" ind1=" " ind2=" ">
    <subfield code="a">[al-Astānah] :</subfield>
    <subfield code="b">Ṭubiʻa fī al-Maṭbaʻah al-ʻUthmānīyah,</subfield>
    <subfield code="c">1305 [1888]</subfield>
  </datafield>
  <datafield tag="300" ind1=" " ind2=" ">
    <subfield code="a">2 v. in 1 (727 p.) ;</subfield>
    <subfield code="c">34 cm.</subfield>
  </datafield>
  <datafield tag="500" ind1=" " ind2=" ">
    <subfield code="a">In Arabic.</subfield>
  </datafield>
  <datafield tag="650" ind1=" " ind2="0">
    <subfield code="a">Islamic law</subfield>
    <subfield code="x">Interpretation and construction.</subfield>
  </datafield>
  <datafield tag="600" ind1="1" ind2="0">
    <subfield code="a">Ḥalabī, Ibrāhīm ibn Muḥammad,</subfield>
    <subfield code="d">-1549 or 1550.</subfield>
    <subfield code="t">Multaqā al-abhur.</subfield>
  </datafield>
  <datafield tag="650" ind1=" " ind2="0">
    <subfield code="a">Hanafites.</subfield>
  </datafield>
  <datafield tag="700" ind1="1" ind2="2">
    <subfield code="a">Ḥalabī, Ibrāhīm ibn Muḥammad,</subfield>
    <subfield code="d">-1549 or 1550.</subfield>
    <subfield code="t">Multaqā al-abhur.</subfield>
  </datafield>
  <datafield tag="955" ind1=" " ind2=" ">
    <subfield code="b">CU10663304</subfield>
    <subfield code="d">off,glx</subfield>
    <subfield code="e">893.799 Sch143</subfield>
    <subfield code="v">v.1-2</subfield>
  </datafield>
</record>
</collection>